<record><leader>00000cas a22000007a 4500</leader><controlfield tag="001">13089813</controlfield><controlfield tag="008">860131d19371959pauwr ne      0    0eng d</controlfield><datafield ind1=" " ind2=" " tag="010"><subfield code="a">sn 86081068 </subfield></datafield><datafield ind1=" " ind2=" " tag="040"><subfield code="a">NPH</subfield><subfield code="b">eng</subfield><subfield code="c">NPH</subfield><subfield code="d">OCLCQ</subfield><subfield code="d">DLC</subfield></datafield><datafield ind1=" " ind2=" " tag="042"><subfield code="a">msc</subfield></datafield><datafield ind1="0" ind2=" " tag="130"><subfield code="a">Keystone gazette (Bellefonte, Pa. : 1937)</subfield></datafield><datafield ind1="1" ind2="4" tag="245"><subfield code="a">The keystone gazette.</subfield></datafield><datafield ind1=" " ind2=" " tag="260"><subfield code="a">Bellefonte, Pa. :</subfield><subfield code="b">Keystone Gazette, Inc.</subfield></datafield><datafield ind1=" " ind2=" " tag="300"><subfield code="a">v.</subfield></datafield><datafield ind1=" " ind2=" " tag="310"><subfield code="a">Weekly</subfield></datafield><datafield ind1="1" ind2=" " tag="362"><subfield code="a">Began in 1937?; ceased in 1959?</subfield></datafield><datafield ind1=" " ind2=" " tag="500"><subfield code="a">Published every Thursday.</subfield></datafield><datafield ind1=" " ind2=" " tag="580"><subfield code="a">Absorbed by: Centre democrat, 1959.</subfield></datafield><datafield ind1=" " ind2=" " tag="588"><subfield code="a">Description based on: Vol. 51, no. 32 (June 3, 1937).</subfield></datafield><datafield ind1=" " ind2=" " tag="752"><subfield code="a">United States</subfield><subfield code="b">Pennsylvania</subfield><subfield code="c">Centre</subfield><subfield code="d">Bellefonte.</subfield></datafield><datafield ind1="0" ind2="0" tag="780"><subfield code="t">Weekly Keystone gazette</subfield><subfield code="w">(DLC)sn 86081067</subfield></datafield><datafield ind1="1" ind2="4" tag="785"><subfield code="t">Centre democrat</subfield><subfield code="x">0747-0118</subfield><subfield code="w">(DLC)sn 84009409</subfield><subfield code="w">(OCoLC)2259103</subfield></datafield></record>